@book { game_work,
    author = {{Charles Conradt}},
    title = {{The Game of Work}},
    year = {{07/01/2012}}
}