%-------------------- introduction -------------------
@misc{zombies,
  title = {{Zombies, Run!}},
  howpublished = {\url{https://zombiesrungame.com/}},
  note = {Accessed: 03-08-2021}
}

@misc{gamificationExamples,
  title = {{Gamification Examples: the fully comprehensive list (2021)}},
  howpublished = {\url{https://yukaichou.com/gamification-examples/}},
  note = {Accessed: 03-08-2021}
}

@misc{gamificationHealthcareExample,
  title = {{The Top 15 Examples of Gamification in Healthcare}},
  howpublished = {\url{https://medicalfuturist.com/top-examples-of-gamification-in-healthcare/}},
  note = {Accessed: 16-09-2021}
}

@misc{gamificationHealthcareExample2,
  title = {{Top Ten Gamified Healthcare Games that will extend your Life}},
  howpublished = {\url{https://yukaichou.com/gamification-examples/top-ten-gamification-healthcare-games/}},
  note = {Accessed: 16-09-2021}
}

@misc{karma,
  title = {{The 10 Best Productivity Apps that use Gamification in 2021}},
  howpublished = {\url{https://yukaichou.com/lifestyle-gamification/the-top-ten-gamified-productivity-apps/}},
  note = {Accessed: 03-08-2021}
}

@misc{numberGamers,
  title = {{Number of video gamers worldwide in 2020, by region}},
  howpublished = {\url{https://www.statista.com/statistics/293304/number-video-gamers/}},
  note = {Accessed: 04-08-2021}
}

@misc{aol,
  author = {{Michael Barbaro, Tom Zeller Jr.}},
  title = {{A Face is Exposed for AOL Searcher No. 4417749, New York Times, 09-08-2006}},
  howpublished = {\url{https://www.nytimes.com/2006/08/09/technology/09aol.html?ex=1312776000}},
  note = {Accessed: 05-08-2021}
}


@InProceedings{gamificationDefinition,
    author = {{Sebastian Deterding, Dan Dixon, Rilla Khaled, Lennart Nacke}},
    title = {From Game Design Elements to Gamefulness:
            Defining “Gamification”},
    booktitle = {Proceedings of the 15th International Academic MindTrek Conference: Envisioning Future Media Environments},
      pages = {9--15},
      location = {Tampere, Finland},
    year = {{2011}}
}

@inproceedings{gameStatistics,
    author = {{Carsten Eickhoff, Christopher Harris, Arjen de Vries,  Padmini Srinivasan}},
    year = {{2012}},
    pages = {871--880},
    title = {Quality through Flow and Immersion: Gamifying Crowdsourced Relevance Assessments},
    booktitle = {Proceedings of the 35th International ACM SIGIR Conference on Research and Development in Information Retrieval},
    location = {Portland, Oregon, USA}
}

@book{informationRetrieval,
	author    = {{Stefan Büttcher, Charles L.A. Clarke, Gordon V. Cormack}},
	title     = {Information Retrieval: Implementing and Evaluating Search Engines},
	publisher = {The MIT Press},
	year      = {{2010}},
	isbn      = {978-0-262-02651-2}
}

@book{wirkungGamificationBuch,
	author    = {{Michael Sailer}},
	title     = {Die Wirkung von Gamification auf Motivation und Leistung},
	publisher = {Springer},
	year      = {{2016}},
	isbn      = {978-3-658-14308-4}
}

@book{huizinga,
	author    = {{Johan Huizinga}},
	title     = {Homo Ludens: Vom Ursprung der Kultur im Spiel},
	publisher = {Rowohlt Taschenbuch Verlag GmbH},
	year      = {{2019}},
	isbn      = {978-3-499-55435-3}
}

@book{moneytaryBenefits,
    author = {{Benedikt Morschheuser}},
    title = {The Gamification of Crowdsourcing Systems: Empirical Investigations and Design},
    year = {{2017}}
}

@book{actionableGamification,
	author    = {{Yu-Kai Chou}},
	title     = {Actionable Gamification: Beyond Points, Badges, and Leaderboards},
	publisher = {Octalysis Media},
	year      = {{2015}},
	isbn      = {978-1511744041}
}

%----------- Stuff for query obfuscation methods -------------------
@inproceedings{arampatzis,
    author = {{Avi Arampatzis, George Drosatos, Pavlos S. Efraimidis}},
    title = {Versatile Query Scrambling for Private Web Search},
  booktitle = {Information Retrieval Journal},
  pages = {331--358},
  year = {{2015}},
  publisher = {Springer}
}

@inproceedings{privateWebSearch,
    author = {{Felipe Saint-Jean, Aaro Johnson, Dan Boneh, Joan Feigenbaum}},
    title = {Private Web Search},
   booktitle = {Proceedings of the 2007 ACM Workshop on Privacy in Electronic Society},
    pages = {84--90},
    year = {{2007}}
}

@inproceedings{plausiblyDeniableSearch,
    author = {{Mummoorthy Murugesan, Chris Clifton}},
    title = {Providing Privacy through Plausibly Deniable Search},
  booktitle = {Proceedings of the 2009 SIAM International Conference on Data Mining},
  pages = {768--779},
  year = {{2009}}
}

@book{trackmenot1,
    author = {{Vincent Toubiana, Lakshminarayanan Subramanian, Helen Nissenbaum}},
    title = {TrackMeNot: Enhancing the Privacy of Web Search},
    year = {{2011}}
}

@inproceedings{maikPaper,
    author = {{Maik Fröbe, Eric Oliver Schmidt, Matthias Hagen}},
    title = {Efficient Query Obfuscation with Keyqueries},
    year = {{2021}}
}

@article{knowledge,
  author = {{David S{\'a}nchez, Jordi Castell{\`a}-Roca, Alexandre Viejo}},
  title = {Knowledge-based Scheme to Create Privacy-preserving but Semantically-related Queries for Web Search Engines},
  journal = {Information Sciences},
  volume = {218},
  pages = {17--30},
  year = {{2013}},
  publisher = {Elsevier}
}

@article{peer,
  author = {{Josep Domingo-Ferrer, Maria Bras-Amor{\'o}s, Qianhong Wu, Jes{\'u}s Manj{\'o}n}},
  title = {User-Private Information Retrieval Based on a Peer-to-Peer Community},
  journal = {Data \& Knowledge Engineering},
  volume = {68},
  number = {11},
  pages = {1237--1252},
  year = {{2009}},
  publisher = {Elsevier}
}

%-------------------- Related Work ------------------------------
@article{netflixPaper,
  author = {{Arvind Narayanan, Vitaly Shmatikov}},
  title = {Robust De-anonymization of Large Datasets (How to Break Anonymity of the Netflix Prize Dataset)},
  journal = {arXiv preprint cs},
  volume = {610105},
  year = {{2008}}
}

@article{privacyExamples,
  author = {{C. Christine Porter}},
  title = {De-identified Data and Third Party Data Mining: The Risk of Re-identification of Personal Information},
  journal = {Shidler JL Com. \& Tech.},
  volume = {5},
  year = {{2008}},
  publisher = {HeinOnline}
}

@misc{police,
  author = {{Alfred Ng}},
  title = {Google is giving data to police based on search keywords, court docs show},
  howpublished = {\url{https://www.cnet.com/tech/services-and-software/google-is-giving-data-to-police-based-on-search-keywords-court-docs-show/}},
  note = {Accessed: 01-10-2021}
}



% This is the paper with the gun example 
@inproceedings{arampazisGun,
author = {{Avi Arampatzis, George Drosatos, Pavlos Efraimidis}},
title = {A Versatile Tool for Privacy-Enhanced Web Search},
  booktitle = {European Conference on Information Retrieval},
  pages = {368--379},
  year = {{2013}},
}


@article{torWeakness,
  author = {{Emin {\c{C}}al{\i}{\c{s}}kan, Tom{\'a}{\v{s}} Min{\'a}rik, Anna-Maria Osula}},
  title = {Technical and Legal Overview of the Tor Anonymity Network},
  journal = {NATO Cooperative Cyber Defence Centre of Excellence},
  year = {{2015}}
}

@inproceedings{torInternetSurveillanceWeakness,
author = {{Steven J. Murdoch, Piotr Zieli{\'{n}}ski}},
title = {Sampled Traffic Analysis by Internet-Exchange-Level Adversaries},
booktitle = {Privacy Enhancing Technologies},
publisher = {Springer Berlin Heidelberg},
year = {{2007}},
pages = {167--183}
}

@techreport{torNew,
  author = {{Roger Dingledine, Nick Mathewson, Paul Syverson}},
  title = {Tor: The Second-generation Onion Router},
  year = {{2004}},
  institution = {Naval Research Lab Washington DC}
}

@inproceedings{trackmenot2,
author = {{Helen Nissenbaum, Daniel C. Howe}},
title = {Trackmenot: Resisting Surveillance in Web Search},
booktitle = {Lessons from the Identity Trail: Anonymity, Privacy, and Identity in a Networked Society},
publisher = {Oxford University Press},
year = {{2009}}
}

@inproceedings{trackmenotWeakness,
author = {{Sai Teja Peddinti, Nitesh Saxena}},
title = {On the Privacy of Web Search Based on Query Obfuscation: A Case Study of TrackMeNot},
  booktitle = {International Symposium on Privacy Enhancing Technologies Symposium},
  pages = {19--37},
  year = {{2010}}
}

@article{trackmenotsogood,
  author = {{Rami Al-Rfou, William Jannen, Nikhil Patwardhan}},
  title = {Trackmenot-so-good-after-all},
  journal = {arXiv preprint arXiv:1211.0320},
  year = {{2012}}
}

@misc{internetWorld,
  author = {{statista}},
  title = {Statistiken zur Internetnutzung weltweit},
  howpublished = {{\url{https://de.statista.com/themen/42/internet/}}},
  note = {Accessed: 27-09-2021}
}

@misc{internetUsage,
  author = {{statista}},
  title = {Demographie \& Nutzung},
  howpublished={{\url{https://de.statista.com/statistik/kategorien/kategorie/21/themen/191/branche/demographie-nutzung/\#statistic1}}},
  note = {Accessed: 27-09-2021}
}

@misc{internetUsage2,
  author = {{Our World in Data}},
  title = {Internet},
  howpublished = {\url{https://ourworldindata.org/internet}},
  note = {Accessed: 27-09-2021}
}

@misc{dailyInternet,
  author = {{Our World in Data}},
  title = {Internet},
  howpublished = {\url{https://ourworldindata.org/internet\#the-rise-of-social-media-in-rich-countries-has-come-together-with-an-increase-in-the-amount-of-time-spent-online}},
  note = {Accessed: 27-09-2021}
}


@inproceedings{classifierPrivacyAttack,
    author = {{Rosie Jones, Ravi Kumar, Bo Pang, Andrew Tomkins}},
    title = {"I Know What You Did Last Summer": Query Logs and User Privacy},
  booktitle = {Proceedings of the sixteenth ACM conference on Conference on information and knowledge management},
  pages = {909--914},
  location = {Lisbon, Portugal},
  year = {{2007}}
}

@book{torSlow,
  author = {{Roger Dingledine, Steven J. Murdoch}},
  title = {Performance Improvements on Tor or, Why Tor is Slow and What We're Going to Do About It},
  year = {{2009}}
}


%--------------- stuff for gamification effect ----------------------------

@misc{linkedInGamificationWorth,
  author = {{Linkedin}},
  title = {Gamification Trends for 2019},
  howpublished = {{\url{https://www.linkedin.com/pulse/gamification-trends-2019-an-coppens/}}},
  note = {Accessed: 17-09-2021}
}

@misc{statistaGamificationWorth,
  author = {{statista}},
  title = {Value of the gamification market worldwide in 2016 and 2021 (in billion U.S. dollars)},
  howpublished = {{\url{https://www.statista.com/statistics/608824/gamification-market-value-worldwide/}}},
  note = {Accessed: 17-09-2021}
}

@misc{audi,
  author = {{Audi}},
  title = {Audi Virtual Training: Digitale Weiterbildung für den Vertrieb},
  howpublished = {\url{https://www.audi.com/de/career/working-world/gamification-audi-virtual-training.html}},
  note = {Accessed: 27-09-2021}
}

@misc{stackoverflow,
  author = {{stackoverflow}},
  title = {What is reputation? How do I earn (and lose) it?},
  howpublished = {\url{https://stackoverflow.com/help/whats-reputation}},
  note = {Accessed: 27-09-2021}
}


@inproceedings{disassembling_gamification,
author = {{Elisa D. Mekler, Alexandre N. Tuch, Florian Br\"{u}hlmann, Klaus Opwis}},
title = {Disassembling Gamification: The Effects of Points and Meaning on User Motivation and Performance},
year = {{2013}},
booktitle = {CHI '13 Extended Abstracts on Human Factors in Computing Systems},
location = {Paris, France},
pages = {1137--1142}
}

@inproceedings{intrinsicMotivation,
author = {{Elisa D. Mekler, Alexandre N. Tuch, Florian Br\"{u}hlmann, Klaus Opwis}},
title = {Do Points, Levels and Leaderboards Harm Intrinsic Motivation? An Empirical Analysis of Common Gamification Elements},
year = {{2013}},
booktitle = {Proceedings of the First International Conference on Gameful Design, Research, and Applications},
pages = {66--73}
}

@inproceedings{gamificationCrowdsourcing,
  author = {{Benedikt Morschheuser, Juho Hamari, Jonna Koivisto}},
  title = {Gamification in Crowdsourcing: A Review}, 
  booktitle = {2016 49th Hawaii International Conference on System Sciences (HICSS)}, 
  year = {{2016}}
}

@article{gameCrowdsourcing,
author = {{Benedikt Morschheuser, Juho Hamari, Jonna Koivisto, Alexander Maedche}},
title = {Gamified crowdsourcing: Conceptualization, Literature Review, and Future Agenda},
journal = {International Journal of Human-Computer Studies},
volume = {106},
pages = {26--43},
year = {{2017}}
}

@inproceedings{gamifiedSearch,
  author = {{Jiyin He, Marc Bron, Leif Azzopardi, Arjen de Vries}},
  title = {Studying User Browsing Behavior through Gamified Search Tasks},
  booktitle = {Proceedings of the First International Workshop on Gamification for Information Retrieval},
  pages = {49--52},
  year = {{2014}}
}

@article{gamificationMotivation,
  author = {{Michael Sailer, Jan Ulrich Hense, Sarah Katharina Mayr, Heinz Mandl}},
  title = {How gamification Motivates: An Experimental Study of the Effects of Specific Game Design Elements on Psychological Need Satisfaction},
  journal = {Computers in Human Behavior},
  volume = {69},
  pages = {371--380},
  year = {{2017}},
  publisher = {Elsevier}
}

@inproceedings{gameElementsListing,
  author = {{Luca Galli, Piero Fraternali, Alessandro Bozzon}},
  title = {On the Application of Game Mechanics in Information Retrieval},
  booktitle = {Proceedings of the First International Workshop on Gamification for Information Retrieval},
  pages = {7--11},
  location = {Amsterdam, The Netherlands},
  year = {{2014}}
}


% ---------------------- gamification games in IR --------------------------
@inproceedings{ESPlabeling,
  author = {{Luis von Ahn, Laura Dabbish}},
  title = {Labeling Images with a Computer Game},
  booktitle = {booktitle = {Proceedings of the SIGCHI Conference on Human Factors in Computing Systems},},
  pages = {319--326},
  location = {Vienna, Austria},
  year = {{2004}}
}

@inproceedings{fu-finder,
  author = {{Carly O'Neil, James Purvis, Leif Azzopardi}},
  title = {Fu-finder: A Game for Studying Querying Behaviours},
booktitle = {Proceedings of the 20th ACM International Conference on Information and Knowledge Management},
pages = {2561-–2564},
location = {Glasgow, Scotland, UK},
  year = {{2011}}
}

@inproceedings{pageHunt,
  author={{Hao Ma, Raman Chandrasekar, Chris Quirk, Abhishek Gupta}},
  title = {Improving Search Engines Using Human Computation Games},
 booktitle = {Proceedings of the 18th ACM Conference on Information and Knowledge Management},
 pages = {275–284},
 location = {Hong Kong, China},
  year = {{2009}}
}

@inproceedings{pageFetch1,
  author = {{James Purvis, Leif Azzopardi}},
  title = {A Preliminary Study Using PageFetch to Examine the Searching Ability of Children and Adults},
  booktitle = {IIiX},
  pages = {262--265},
  year = {{2012}}
}

@inproceedings{pagefetch2,
  author = {{Leif Azzopardi, Martin Bevc, Andrew Gardner, David Maxwell, Abdullah Razzouk}},
  title = {Pagefetch 2: Gamification the Sequel},
booktitle = {Proceedings of the First International Workshop on Gamification for Information Retrieval},
pages = {38--41},
location = {Amsterdam, The Netherlands},
  year = {{2014}}
}

%---------------------- chat noir ------------------
@inproceedings{chatnoir,
  author = {{Janek Bevendorff, Benno Stein, Matthias Hagen, Martin Potthast}},
  title = {Elastic ChatNoir: Search Engine for the ClueWeb and the Common Crawl},
  booktitle = {European Conference on Information Retrieval},
  pages = {820--824},
  year = {{2018}}
}


%------------------ web track data ----------------------
@inproceedings{anserini,
  author = {{Peilin Yang, Hui Fang, Jimmy Lin}},
  title = {Anserini: Enabling the Use of Lucene for Information Retrieval Research},
  booktitle = {Proceedings of the 40th International ACM SIGIR Conference on Research and Development in Information Retrieval},
  pages = {1253--1256},
  year = {{2017}}
}


%------------------------ evaluation ---------------------------
@inproceedings{arampatzisLength,
  author = {{Avi Arampatzis, Jaap Kamps}},
  title = {A Study of Query Length},
    booktitle = {Proceedings of the 31st Annual International ACM SIGIR Conference on Research and Development in Information Retrieval},
    pages = {811–-812},
    location = {Singapore, Singapore}, 
  year = {{2008}}
}

@inproceedings{pictureSearch,
  author = {{Greg Pass, Abdur Chowdhury, Cayley Torgeson}},
  title = {A Picture of Search},
    booktitle = {Proceedings of the 1st International Conference on Scalable Information Systems},
    location = {Hong Kong, China},
    year = {{2006}}
}