@book{gamification,
  author={Michael Sailer},
title={{Die Wirkung von Gamification auf Motivation und Leistung – Empirische Studien im Kontext manueller Arbeitsprozesse}},
  year={2016}
}

@paper{information_retrieval,
  author={Luca Galli, Alessandro Bozzon},
title={{On the application of Game Mechanics in Information Retrieval}},
  year={2014}
}

@paper{search_engines,
  author={Hao Ma, Raman Chandrasekar, Abhishek Gupta},
title={{Improving Search Engines Using Human Computation Games}},
  year={2009}
}

@paper{pagefetch,
  author={James Purvis, Leif Azzopardi},
title={{A Preliminary Study using PageFetch to Examine the Searching Ability of Children and Adults}},
  year={2012}
}

@paper{pagefetch2,
  author={Leif Azzopardi, Martin Bevc, Andrew Gardner and David Maxwell and Abdullah Razzouk},
title={{PageFetch 2: Gamification the Sequel}},
  year={2014}
}

@paper{fufinder,
  author={Carly O’Neil, James Purvis, Leif Azzopardi},
title={{Fu-Finder: A Game for Studying Querying Behaviours}},
  year={2011}
}

@misc{wiki,
    author = "{Wikipedia contributors}",
    title = "Gamification --- {Wikipedia}{,} The Free Encyclopedia",
    year = "2020",
    howpublished = "\url{https://en.wikipedia.org/w/index.php?title=Gamification&oldid=955568308}",
    note = "[Online; accessed 8-May-2020]"
  }
  
@paper{disassembling_gamification,
    author={Elisa D. Mekler, Alexandre N. Tuch, Florian Brühlmann and Klaus Opwis},
    title={{Disassembling Gamification: The Effects of Points and Meaning on User Motivation and Performance}},
    year={2013}
}

@paper{user_behavior,
    author={Jiyin He, Marc Bron, Leif Azzopardi and Arjen de Vries},
    title={{Studying User Browsing Behavior Through Gamified Search Tasks}},
    year={2014}
}

@paper{game_elements,
    author={Elisa D. Mekler, Florian Brühlmann, Klaus Opwis and Alexandre N. Tuch},
    title={{Do Points, Levels and Leaderboards Harm Intrinsic Motivation? An Empirical Analysis of Common Gamification Elements}},
    year={2013}
}

@paper{clicks,
    author={Jeff Huang, Ryen W. White, Susan Dumais},
    title={{No Clicks, No Problem: Using Cursor Movements to Understand and Improve Search}},
    year={2011}
}